@inproceedings{kuhn2020,
  author       = {Kuhn, C. and Hofbauer, M. and Petrovic, G. and Steinbach, E.},
  title        = {Introspective Black Box Failure Prediction for Autonomous Driving},
  booktitle    = {Proceedings of the IEEE Intelligent Vehicles Symposium (IV)},
  year         = {2020},
  pages        = {1907 - 1913}
}

@inproceedings{hecker2018,
  author       = {Hecker, S. and Dai, D. and van Gool, L.},
  title        = {Failure Prediction for Autonomous Driving},
  booktitle    = {Proceedings of the IEEE Intelligent Vehicles Symposium (IV)},
  year         = {2018},
  pages        = {1792 - 1799}
}
@phdthesis{kuhn2022,
  author       = {Christopher B. Kuhn},
  title        = {Failure Prediction for Autonomous Systems},
  school       = {Technische Universität München},
  year         = {2022}
}
